<?xml version="1.0" encoding="UTF-8"?><collection xmlns="http://www.loc.gov/MARC21/slim"><record><leader>00382nam--2200133-i-4500</leader><controlfield tag="001">000037524</controlfield><controlfield tag="002">20161230</controlfield><controlfield tag="005">20161230201041</controlfield><controlfield tag="008">060222s1000------------r-----000-0-eng-d</controlfield><datafield ind1=" " ind2=" " tag="080"><subfield code="a">530.145</subfield></datafield><datafield ind1=" " ind2=" " tag="245"><subfield code="a">Quantum theory of atoms, molecules and the solid state. a tribute to john c.slater</subfield></datafield><datafield ind1=" " ind2=" " tag="260"><subfield code="a">New York, Acad.Press, 1966, Xvi + 641p</subfield></datafield><datafield ind1=" " ind2=" " tag="700"><subfield code="a">Lowdin, Per-olov</subfield></datafield><datafield ind1=" " ind2=" " tag="852"><subfield code="a">27013</subfield></datafield></record></collection>